<?xml version="1.0" encoding="UTF-8"?><collection xmlns="http://www.loc.gov/MARC21/slim"><record><leader>00454nam--2200133-i-4500</leader><controlfield tag="001">000024549</controlfield><controlfield tag="002">20161230</controlfield><controlfield tag="005">20161230201035</controlfield><controlfield tag="008">060222s1000------------r-----000-0-eng-d</controlfield><datafield ind1=" " ind2=" " tag="080"><subfield code="a">621.039.3:519.876.5(043)</subfield></datafield><datafield ind1=" " ind2=" " tag="100"><subfield code="a">Isbasescu, Georgel</subfield></datafield><datafield ind1=" " ind2=" " tag="245"><subfield code="a">Simularea pe calculator a functionarii instalatiilor de separare izotopica din sistemul h2o-h2s.teza de doctorat</subfield></datafield><datafield ind1=" " ind2=" " tag="260"><subfield code="a">Bucuresti,Institutul Central De Fizica, 1986. 117p.+88p.Anexe</subfield></datafield><datafield ind1=" " ind2=" " tag="852"><subfield code="a">73287</subfield></datafield></record></collection>